% Put you own bibliography entries in this file

%%%%%%%%%%%%%%%%%%%%
%%% introduction %%%
%%%%%%%%%%%%%%%%%%%%
@techreport{ATL-COM-PHYS-2017-433,
      author        = "Lindquist, Brian Edward and Lohwasser, Kristin and Bocci,
                       Andrea and Di Ciaccio, Lucia and Iliadis, Dimitrios and
                       Kobel, Michael and Kouskoura, Vasiliki and Li, Shu and
                       Pleier, Marc-Andre and Wu, Yusheng",
      title         = "{Recommendations from the Anomalous Gauge Coupling
                       Taskforce}",
      institution   = "CERN",
      address       = "Geneva",
      reportNumber  = "ATL-COM-PHYS-2017-433",
      month         = "Apr",
      year          = "2017",
      url           = "https://cds.cern.ch/record/2261444",
}
@article{CERN-PH-EP-2016-001,
	doi = {10.1140/epjc/s10052-016-4126-5},
  
	url = {https://doi.org/10.1140%2Fepjc%2Fs10052-016-4126-5},
  
	year = 2016,
	month = {jun},
  
	publisher = {Springer Science and Business Media {LLC}
},
  
	volume = {76},
  
	number = {6},
  
	author = {ATLAS Collaboration},
  
	title = {Measurement of the charged-particle multiplicity inside jets from $\sqrt{s}=8$
      TeV pp collisions with the ATLAS detector},
	journal = {The European Physical Journal C}
}
@article{Cowan:2010js,
	doi = {10.1140/epjc/s10052-011-1554-0},
  
	url = {https://doi.org/10.1140%2Fepjc%2Fs10052-011-1554-0},
  
	year = 2011,
	month = {feb},
  
	publisher = {Springer Science and Business Media {LLC}
},
  
	volume = {71},
  
	number = {2},
  
	author = {Glen Cowan and Kyle Cranmer and Eilam Gross and Ofer Vitells},
  
	title = {Asymptotic formulae for likelihood-based tests of new physics},
  
	journal = {The European Physical Journal C}
}

@article{Binosi:2003yf,
title = {JaxoDraw: A graphical user interface for drawing Feynman diagrams},
journal = {Computer Physics Communications},
volume = {161},
number = {1},
pages = {76-86},
year = {2004},
issn = {0010-4655},
doi = {https://doi.org/10.1016/j.cpc.2004.05.001},
url = {https://www.sciencedirect.com/science/article/pii/S0010465504002115},
author = {D. Binosi and L. Theußl},
keywords = {Feynman diagrams, LaTeX, Java, GUI},
abstract = {JaxoDraw is a Feynman graph plotting tool written in Java. It has a complete graphical user interface that allows all actions to be carried out via mouse click-and-drag operations in a WYSIWYG fashion. Graphs may be exported to postscript/EPS format and can be saved in XML files to be used for later sessions. One of JaxoDraw's main features is the possibility to create  code that may be used to generate graphics output, thus combining the powers of  with those of a modern day drawing program. With JaxoDraw it becomes possible to draw even complicated Feynman diagrams with just a few mouse clicks, without the knowledge of any programming language.
Program summary
Title of program: JaxoDraw Catalogue identifier: ADUA Program summary URL: http://cpc.cs.qub.ac.uk/summaries/ADUA Program obtainable from: CPC Program Library, Queen's University of Belfast, N. Ireland Distribution format: tar gzip file Operating system: Any Java-enabled platform, tested on Linux, Windows ME, XP, Mac OS X Programming language used: Java License: GPL Nature of problem: Existing methods for drawing Feynman diagrams usually require some ‘hard-coding’ in one or the other programming or scripting language. It is not very convenient and often time consuming, to generate relatively simple diagrams. Method of solution: A program is provided that allows for the interactive drawing of Feynman diagrams with a graphical user interface. The program is easy to learn and use, produces high quality output in several formats and runs on any operating system where a Java Runtime Environment is available. Number of bytes in distributed program, including test data: 2117863 Number of lines in distributed program, including test data: 60000 Restrictions: Certain operations (like internal latex compilation, Postscript preview) require the execution of external commands that might not work on untested operating systems. Typical running time: As an interactive program, the running time depends on the complexity of the diagram to be drawn.}
}

@article{Englert:1964et,
      author         = "Englert, F. and Brout, R.",
      title          = "{Broken Symmetry and the Mass of Gauge Vector Mesons}",
      journal        = "Phys. Rev. Lett.",
      volume         = "13",
      year           = "1964",
      pages          = "321-323",
      doi            = "10.1103/PhysRevLett.13.321",
      SLACcitation   = "%%CITATION = PRLTA,13,321;%%"
}

@article{Higgs:1964pj,
      author         = "Higgs, Peter W.",
      title          = "{Broken Symmetries and the Masses of Gauge Bosons}",
      journal        = "Phys. Rev. Lett.",
      volume         = "13",
      year           = "1964",
      pages          = "508-509",
      doi            = "10.1103/PhysRevLett.13.508",
      SLACcitation   = "%%CITATION = PRLTA,13,508;%%"
}

@article{Guralnik:1964eu,
      author         = "Guralnik, G. S. and Hagen, C. R. and Kibble, T. W. B.",
      title          = "{Global Conservation Laws and Massless Particles}",
      journal        = "Phys. Rev. Lett.",
      volume         = "13",
      year           = "1964",
      pages          = "585-587",
      doi            = "10.1103/PhysRevLett.13.585",
      SLACcitation   = "%%CITATION = PRLTA,13,585;%%"
}

@article{Longhitano:1980tm,
      author         = "Longhitano, Anthony C.",
      title          = "{Low-Energy Impact of a Heavy Higgs Boson Sector}",
      journal        = "Nucl. Phys. B",
      volume         = "188",
      year           = "1981",
      pages          = "118",
      doi            = "10.1016/0550-3213(81)90109-7",
      reportNumber   = "YTP-80-27-REV, YTP-80-27",
      SLACcitation   = "%%CITATION = NUPHA,B188,118;%%"
}


@Article{delphi1,
    author         = "{DELPHI Collaboration, J. Abdallah {\textit{et al.}}}",
      title          = "{Measurement of the $e^+ e^- \rightarrow W^+ W^- \gamma$ cross-section
                        and limits on anomalous quartic gauge couplings with DELPHI}",
      collaboration  = "DELPHI",
      journal        = "Eur. Phys. J. C",
      volume         = "31",
      year           = "2003",
      pages          = "139",
      doi            = "10.1140/epjc/s2003-01350-x",
      eprint         = "hep-ex/0311004",
      archivePrefix  = "arXiv",
      primaryClass   = "hep-ex",
      reportNumber   = "CERN-EP-2003-045",
      SLACcitation   = "%%CITATION = HEP-EX/0311004;%%"
}

@Article{opal1,
    author         = "{OPAL Collaboration, G. Abbiendi {\textit{et al.}}}",
      title          = "{Measurement of the $W^{+} W^{-} \gamma$ cross-section
                        and first direct limits on anomalous electroweak quartic
                        gauge couplings}",
      collaboration  = "OPAL",
      journal        = "Phys. Lett. B",
      volume         = "471",
      year           = "1999",
      pages          = "293",
      doi            = "10.1016/S0370-2693(99)01357-X",
      eprint         = "hep-ex/9910069",
      archivePrefix  = "arXiv",
      reportNumber   = "CERN-EP-99-130",
      SLACcitation   = "%%CITATION = HEP-EX/9910069;%%"
}

@Article{opal2,
    author         = "{OPAL Collaboration, G. Abbiendi {\textit {et al.}}}",
     title          = "{A Study of $W^{+} W^{-} \gamma$ events at LEP}",
      collaboration  = "OPAL",
      journal        = "Phys. Lett. B",
      volume         = "580",
      year           = "2004",
      pages          = "17",
      doi            = "10.1016/j.physletb.2003.10.063",
      eprint         = "hep-ex/0309013",
      archivePrefix  = "arXiv",
      reportNumber   = "CERN-EP-2003-043",
      SLACcitation   = "%%CITATION = HEP-EX/0309013;%%"
}

@Article{opal3,
    author         = "{OPAL Collaboration, G. Abbiendi {\textit{et al.}}}",
      title          = "{Constraints on anomalous quartic gauge boson couplings
                        from $\nu \bar{\nu} \gamma \gamma$ and $q \bar{q} \gamma \gamma$
                        events at LEP-2}",
      collaboration  = "OPAL",
      journal        = "Phys. Rev. D",
      volume         = "70",
      year           = "2004",
      pages          = "032005",
      doi            = "10.1103/PhysRevD.70.032005",
      eprint         = "hep-ex/0402021",
      archivePrefix  = "arXiv",
      reportNumber   = "CERN-PH-EP-2004-003",
      SLACcitation   = "%%CITATION = HEP-EX/0402021;%%"
}

@Article{L3_1,
    author         = "{L3 Collaboration, P. Achard {\textit{et al.}}}",
      title          = "{The $e^{+} e^{-} \to Z \gamma \gamma \to q \bar{q}
                        \gamma \gamma$ reaction at LEP and constraints on
                        anomalous quartic gauge boson couplings}",
      collaboration  = "L3",
      journal        = "Phys. Lett. B",
      volume         = "540",
      year           = "2002",
      pages          = "43",
      doi            = "10.1016/S0370-2693(02)02127-5",
      eprint         = "hep-ex/0206050",
      archivePrefix  = "arXiv",
      primaryClass   = "hep-ex",
      reportNumber   = "CERN-EP-2002-034",
      SLACcitation   = "%%CITATION = HEP-EX/0206050;%%"
}

@Article{L3_2,
    author         = "{L3 Collaboration, P. Achard {\textit{et al.}}}",
     title          = "{Study of the $W^{+} W^{-} \gamma$ process and limits on
                        anomalous quartic gauge boson couplings at LEP}",
      collaboration  = "L3",
      journal        = "Phys. Lett. B",
      volume         = "527",
      year           = "2002",
      pages          = "29",
      doi            = "10.1016/S0370-2693(02)01167-X",
      eprint         = "hep-ex/0111029",
      archivePrefix  = "arXiv",
      reportNumber   = "CERN-EP-2001-080",
      SLACcitation   = "%%CITATION = HEP-EX/0111029;%%"
}

@Article{d0aQGC,
    author         = "{D0 Collaboration, V. Abazov {\textit{et al.}}}",
      title          = "{Search for anomalous quartic $WW{\gamma}{\gamma}$
                        couplings in dielectron and missing energy final states in
                        $p\bar{p}$ collisions at $\sqrt{s}$ = 1.96 TeV}",
      collaboration  = "D0",
      journal        = "Phys. Rev. D",
      volume         = "88",
      year           = "2013",
      pages          = "012005",
      doi            = "10.1103/PhysRevD.88.012005",
      eprint         = "1305.1258",
      archivePrefix  = "arXiv",
      primaryClass   = "hep-ex",
      reportNumber   = "FERMILAB-PUB-13-133-E",
      SLACcitation   = "%%CITATION = ARXIV:1305.1258;%%"
}

%%%%%%%%%%%%%%%%%%
%%% mc samples %%%
%%%%%%%%%%%%%%%%%%

@article{Lange:2001uf,
      author         = "Lange, D. J.",
      title          = "{The EvtGen particle decay simulation package}",
      booktitle      = "{Proceedings, 7th International Conference on B physics
                        at hadron machines (BEAUTY 2000)}",
      journal        = "Nucl. Instrum. Meth.",
      volume         = "A462",
      year           = "2001",
      pages          = "152-155",
      doi            = "10.1016/S0168-9002(01)00089-4",
      SLACcitation   = "%%CITATION = NUIMA,A462,152;%%"
}

@article{Sjostrand:2008vc,
      author         = "Sjostrand, Torbjorn",
      title          = "{PYTHIA 8 Status Report}",
      pages          = "726-732",
      year           = "2008",
      eprint         = "0809.0303",
      archivePrefix  = "arXiv",
      primaryClass   = "hep-ph",
      reportNumber   = "LU-TP-08-17, MCNET-08-09",
      SLACcitation   = "%%CITATION = ARXIV:0809.0303;%%",
}

@article{Agostinelli:2002hh,
      author         = "Agostinelli, S. and others",
      title          = "{GEANT4: A Simulation toolkit}",
      collaboration  = "GEANT4",
      journal        = "Nucl. Instrum. Meth.",
      volume         = "A506",
      year           = "2003",
      pages          = "250-303",
      doi            = "10.1016/S0168-9002(03)01368-8",
      reportNumber   = "SLAC-PUB-9350, FERMILAB-PUB-03-339",
      SLACcitation   = "%%CITATION = NUIMA,A506,250;%%"
}

@article{Gleisberg:2008ta,
      author         = "Gleisberg, T. and H{\"o}che, Stefan. and Krauss, F. and
                        Sch{\"o}nherr, M. and Schumann, S. and others",
      title          = "{Event generation with SHERPA 1.1}",
      journal        = "JHEP",
      volume         = "0902",
      pages          = "007",
      doi            = "10.1088/1126-6708/2009/02/007",
      year           = "2009",
      eprint         = "0811.4622",
      archivePrefix  = "arXiv",
      primaryClass   = "hep-ph",
}

@article{Gleisberg:2008fv,
      author         = "Gleisberg, Tanju and H{\"o}che, Stefan",
      title          = "{Comix, a new matrix element generator}",
      journal        = "JHEP",
      volume         = "0812",
      pages          = "039",
      doi            = "10.1088/1126-6708/2008/12/039",
      year           = "2008",
      eprint         = "0808.3674",
      archivePrefix  = "arXiv",
      primaryClass   = "hep-ph",
}

@article{Cascioli:2011va,
      author         = "Cascioli, Fabio and Maierhofer, Philipp and Pozzorini,
                        Stefano",
      title          = "{Scattering Amplitudes with Open Loops}",
      journal        = "Phys. Rev. Lett.",
      volume         = "108",
      year           = "2012",
      pages          = "111601",
      doi            = "10.1103/PhysRevLett.108.111601",
      eprint         = "1111.5206",
      archivePrefix  = "arXiv",
      primaryClass   = "hep-ph",
      reportNumber   = "ZU-TH-23-11, LPN11-66",
      SLACcitation   = "%%CITATION = ARXIV:1111.5206;%%"
}

@article{Schumann:2007mg,
      author         = "Schumann, Steffen and Krauss, Frank",
      title          = "{A Parton shower algorithm based on Catani-Seymour dipole
                        factorisation}",
      journal        = "JHEP",
      volume         = "0803",
      pages          = "038",
      doi            = "10.1088/1126-6708/2008/03/038",
      year           = "2008",
      eprint         = "0709.1027",
      archivePrefix  = "arXiv",
      primaryClass   = "hep-ph",
}

@article{Hoeche:2012yf,
      author         = "H{\"o}che, Stefan and Krauss, Frank and Sch{\"o}nherr, Marek and
                        Siegert, Frank",
      title          = "{QCD matrix elements + parton showers: The NLO case}",
      journal        = "JHEP",
      volume         = "04",
      year           = "2013",
      pages          = "027",
      doi            = "10.1007/JHEP04(2013)027",
      eprint         = "1207.5030",
      archivePrefix  = "arXiv",
      primaryClass   = "hep-ph",
      reportNumber   = "SLAC-PUB-15191, IPPP-12-52, DCPT-12-104, LPN12-081,
                        FR-PHENO-2012-017, MCNET-12-09, --FR-PHENO-2012-017",
      SLACcitation   = "%%CITATION = ARXIV:1207.5030;%%"
}

@article{Alioli:2010xd,
      author         = "Alioli, Simone and Nason, Paolo and Oleari, Carlo and Re,
                        Emanuele",
      title          = "{A general framework for implementing NLO calculations in
                        shower Monte Carlo programs: the POWHEG BOX}",
      journal        = "JHEP",
      volume         = "1006",
      pages          = "043",
      doi            = "10.1007/JHEP06(2010)043",
      year           = "2010",
      eprint         = "1002.2581",
      archivePrefix  = "arXiv",
      primaryClass   = "hep-ph",
}

@article{Ball:2014uwa,
      author         = "Ball, Richard D. and others",
      title          = "{Parton distributions for the LHC Run II}",
      collaboration  = "NNPDF",
      journal        = "JHEP",
      volume         = "04",
      year           = "2015",
      pages          = "040",
      doi            = "10.1007/JHEP04(2015)040",
      eprint         = "1410.8849",
      archivePrefix  = "arXiv",
      primaryClass   = "hep-ph",
      reportNumber   = "EDINBURGH-2014-15, IFUM-1034-FT, CERN-PH-TH-2013-253,
                        OUTP-14-11P, CAVENDISH-HEP-14-11",
      SLACcitation   = "%%CITATION = ARXIV:1410.8849;%%"
}

@article{Artoisenet:2012st,
      author         = "Artoisenet, Pierre and Frederix, Rikkert and Mattelaer,
                        Olivier and Rietkerk, Robbert",
      title          = "{Automatic spin-entangled decays of heavy resonances in
                        Monte Carlo simulations}",
      journal        = "JHEP",
      volume         = "1303",
      pages          = "015",
      doi            = "10.1007/JHEP03(2013)015",
      year           = "2013",
      eprint         = "1212.3460",
      archivePrefix  = "arXiv",
      primaryClass   = "hep-ph",
      reportNumber   = "NIKHEF-2012-021, CERN-PH-TH-2012-329",
      SLACcitation   = "%%CITATION = ARXIV:1212.3460;%%",
}

@article{Czakon:2011xx,
      author         = "Czakon, Michal and Mitov, Alexander",
      title          = "{Top++: A Program for the Calculation of the Top-Pair
                       Cross-Section at Hadron Colliders}",
      year           = "2014",
      journal       = "Compt/~Phys.~Commun.",
      vol             = 185,
      pages        = 2930,
      eprint         = "1112.5675",
      archivePrefix  = "arXiv",
      primaryClass   = "hep-ph",
      SLACcitation   = "%%CITATION = ARXIV:1112.5675;%%",
}

@article{Kidonakis:2010ux,
      author         = "Kidonakis, Nikolaos",
      title          = "{Two-loop soft anomalous dimensions for single top quark
                        associated production with a W- or H-}",
      journal        = "Phys. Rev.",
      volume         = "D82",
      year           = "2010",
      pages          = "054018",
      doi            = "10.1103/PhysRevD.82.054018",
      eprint         = "1005.4451",
      archivePrefix  = "arXiv",
      primaryClass   = "hep-ph",
      SLACcitation   = "%%CITATION = ARXIV:1005.4451;%%"
}

@article{Kidonakis:2011wy,
      author         = "Kidonakis, Nikolaos",
      title          = "{Next-to-next-to-leading-order collinear and soft gluon
                        corrections for t-channel single top quark production}",
      journal        = "Phys. Rev.",
      volume         = "D83",
      year           = "2011",
      pages          = "091503",
      doi            = "10.1103/PhysRevD.83.091503",
      eprint         = "1103.2792",
      archivePrefix  = "arXiv",
      primaryClass   = "hep-ph",
      SLACcitation   = "%%CITATION = ARXIV:1103.2792;%%"
}

@article{Kidonakis:2010tc,
      author         = "Kidonakis, Nikolaos",
      title          = "{NNLL resummation for s-channel single top quark
                        production}",
      journal        = "Phys. Rev.",
      volume         = "D81",
      year           = "2010",
      pages          = "054028",
      doi            = "10.1103/PhysRevD.81.054028",
      eprint         = "1001.5034",
      archivePrefix  = "arXiv",
      primaryClass   = "hep-ph",
      SLACcitation   = "%%CITATION = ARXIV:1001.5034;%%"
}

@article{Alwall:2014hca,
      author         = "Alwall, J. and Frederix, R. and Frixione, S. and Hirschi,
                        V. and Maltoni, F. and others",
      title          = "{The automated computation of tree-level and
                        next-to-leading order differential cross sections, and
                        their matching to parton shower simulations}",
      year           = "2014",
      eprint         = "1405.0301",
      archivePrefix  = "arXiv",
      primaryClass   = "hep-ph",
      reportNumber   = "CERN-PH-TH-2014-064, CP3-14-18, LPN14-066, MCNET-14-09,
                        ZU-TH-14-14",
      SLACcitation   = "%%CITATION = ARXIV:1405.0301;%%",
}

@article{Sjostrand:2007gs,
       author         = "Sj{\"o}strand, Torbjorn and Mrenna, Stephen and Skands, Peter
       Z.",
       title          = "{A brief introduction to PYTHIA 8.1}",
       journal        = "Comput. Phys. Commun.",
       volume         = "178",
       year           = "2008",
       pages          = "852-867",
       doi            = "10.1016/j.cpc.2008.01.036",
       eprint         = "0710.3820",
       archivePrefix  = "arXiv",
       primaryClass   = "hep-ph",
       reportNumber   = "CERN-LCGAPP-2007-04, LU-TP-07-28,
       FERMILAB-PUB-07-512-CD-T",
       SLACcitation   = "%%CITATION = ARXIV:0710.3820;%%"
}

@article{Ball:2012cx,
      author         = "Ball, Richard D. and others",
      title          = "{Parton distributions with LHC data}",
      journal        = "Nucl. Phys. B",
      volume         = "867",
      year           = "2013",
      pages          = "244-289",
      doi            = "10.1016/j.nuclphysb.2012.10.003",
      eprint         = "1207.1303",
      archivePrefix  = "arXiv",
      primaryClass   = "hep-ph",
      reportNumber   = "EDINBURGH-2012-08, IFUM-FT-997, FR-PHENO-2012-014,
                        RWTH-TTK-12-25, CERN-PH-TH-2012-037, SFB-CPP-12-47",
      SLACcitation   = "%%CITATION = ARXIV:1207.1303;%%"
}

%%%%%%%%%%%%%%%%%%%%%%%%
%%% Object selection %%%
%%%%%%%%%%%%%%%%%%%%%%%%

@article{Krohn:2009th,
      author         = "Krohn, David and Thaler, Jesse and Wang, Lian-Tao",
      title          = "{Jet Trimming}",
      journal        = "JHEP",
      volume         = "1002",
      pages          = "084",
      doi            = "10.1007/JHEP02(2010)084",
      year           = "2010",
      eprint         = "0912.1342",
      archivePrefix  = "arXiv",
      primaryClass   = "hep-ph",
      SLACcitation   = "%%CITATION = ARXIV:0912.1342;%%",                                                     
}

@article{Larkoski:2014gra,
      author         = "Larkoski, Andrew J. and Moult, Ian and Neill, Duff",
      title          = "{Power Counting to Better Jet Observables}",
      journal        = "JHEP",
      volume         = "12",
      year           = "2014",
      pages          = "009",
      doi            = "10.1007/JHEP12(2014)009",
      eprint         = "1409.6298",
      archivePrefix  = "arXiv",
      primaryClass   = "hep-ph",
      NOreportNumber   = "MIT--CTP-4588",
      SLACcitation   = "%%CITATION = ARXIV:1409.6298;%%"                                                      
}

@article{Larkoski:2015kga,
      author         = "Larkoski, Andrew J. and Moult, Ian and Neill, Duff",
      title          = "{Analytic boosted boson discrimination}",
      year           = "2015",
      eprint         = "1507.03018",
      archivePrefix  = "arXiv",
      primaryClass   = "hep-ph",
      NOreportNumber   = "MIT-CTP-4681",
      SLACcitation   = "%%CITATION = ARXIV:1507.03018;%%"                                                     
}

@misc{twiki_egQual,
      author         = "{ATLAS Collaboration}",
      howpublished="TWiki",
      url="https://twiki.cern.ch/twiki/bin/view/AtlasProtected/EGammaIdentificationRun2#Object_quality_cut"
}

%%%%%%%%%%%%%%%%%%%%%%%
%%%   ML section    %%%
%%%%%%%%%%%%%%%%%%%%%%%
@online{chollet2015keras, 
  title={Keras}, 
  author={Chollet, Francois and others}, 
  year={2015}, 
  publisher={GitHub}, 
  url={https://github.com/fchollet/keras}, 
}

@misc{tensorflow2015-whitepaper,
title={ {TensorFlow}: Large-Scale Machine Learning on Heterogeneous Systems},
url={https://www.tensorflow.org/},
note={Software available from tensorflow.org},
author={
    Mart\'{i}n~Abadi and
    Ashish~Agarwal and
    Paul~Barham and
    Eugene~Brevdo and
    Zhifeng~Chen and
    Craig~Citro and
    Greg~S.~Corrado and
    Andy~Davis and
    Jeffrey~Dean and
    Matthieu~Devin and
    Sanjay~Ghemawat and
    Ian~Goodfellow and
    Andrew~Harp and
    Geoffrey~Irving and
    Michael~Isard and
    Yangqing Jia and
    Rafal~Jozefowicz and
    Lukasz~Kaiser and
    Manjunath~Kudlur and
    Josh~Levenberg and
    Dandelion~Man\'{e} and
    Rajat~Monga and
    Sherry~Moore and
    Derek~Murray and
    Chris~Olah and
    Mike~Schuster and
    Jonathon~Shlens and
    Benoit~Steiner and
    Ilya~Sutskever and
    Kunal~Talwar and
    Paul~Tucker and
    Vincent~Vanhoucke and
    Vijay~Vasudevan and
    Fernanda~Vi\'{e}gas and
    Oriol~Vinyals and
    Pete~Warden and
    Martin~Wattenberg and
    Martin~Wicke and
    Yuan~Yu and
    Xiaoqiang~Zheng},
  year={2015},
}

%%%%%%%%%%%%%%%%%%%%%%%
%%% Event Selection %%%
%%%%%%%%%%%%%%%%%%%%%%%

@Booklet{ATL-COM-PHYS-2018-517,
      author         = "{ATLAS Collaboration}",
      title          = "{Object selections for SM Higgs boson produced in association with a vector boson in which $H \to b\bar{b}$ and $V$ decays leptonically with Run-2 data}",
      howpublished   = "{ATL-COM-PHYS-2018-517}",
      url            = "https://cds.cern.ch/record/2317182",
      year           = "2018",
      note          = "This is a support note for the VH(bb) SM publication using
                       the 2015--2017 datasets.",
}

%%%%%%%%%%%%%%%%%%%%%%%%%%%%%%%%
%%% Systematic Uncertainties %%%
%%%%%%%%%%%%%%%%%%%%%%%%%%%%%%%%

@article{LUCID2,
    author = "Sbarra, C.",
    editor = "Batignani, Giovanni and Grassi, Marco and Paoletti, Riccardo and Retico, Alessandra and Signorelli, Giovanni and Spagnolo, Paolo",
    collaboration = "ATLAS",
    title = "{The LUCID-2 detector}",
    reportNumber = "ATL-FWD-PROC-2018-001",
    doi = "10.1016/j.nima.2018.07.058",
    journal = "Nucl. Instrum. Meth. A",
    volume = "936",
    pages = "152--153",
    year = "2019"
}

@misc{twiki_lumisys,
      author         = "{ATLAS Collaboration}",
      howpublished="TWiki",
      url="https://twiki.cern.ch/twiki/bin/viewauth/Atlas/LuminosityForPhysics"
}

@article{ATLAS-CONF-2019-021,
    collaboration = "ATLAS",
    title = "{Luminosity determination in $pp$ collisions at $\sqrt{s}=13$ TeV using the ATLAS detector at the LHC}",
    reportNumber = "ATLAS-CONF-2019-021",
    month = "6",
    year = "2019"
}

@techreport{ATL-COM-SOFT-2015-119,
      author        = "Buttinger, William",
      title         = "{Using Event Weights to account for differences in
                       Instantaneous Luminosity and Trigger Prescale in Monte
                       Carlo and Data}",
      institution   = "CERN",
      address       = "Geneva",
      reportNumber  = "ATL-COM-SOFT-2015-119",
      month         = "May",
      year          = "2015",
      url           = "https://cds.cern.ch/record/2014726",
}

@misc{twiki_purwsys,
      author         = "{ATLAS Collaboration}",
      howpublished="TWiki",
      url="https://twiki.cern.ch/twiki/bin/viewauth/AtlasProtected/ExtendedPileupReweighting"
}

@techreport{Bittrich:2770539,
      author        = "Bittrich, Carsten and Di Ciaccio, Lucia and Costanza,
                       Francesco and Goy, Corinne and Karkanias, Ioannis and
                       Kasimi, Eirini and Koletsou, Iro and Manjarres, Joany and
                       Nitschke, Jan-Eric and Petridou, Chariclia and Portales,
                       Louis and Sauvan, Emmanuel and Bachas, Dinos and
                       Zachariadou, Katerina and Christos, Leonidis",
      title         = "{Study of electroweak $W^{\pm}Z$ boson pair production in
                       association with two jets in $pp$ collisions at
                       $\sqrt{s}=13~TeV$ with the ATLAS Detector}",
      institution   = "CERN",
      address       = "Geneva",
      reportNumber  = "ATL-COM-PHYS-2021-328",
      month         = "May",
      year          = "2021",
      url           = "https://cds.cern.ch/record/2770539",
}

%%%%%%%%%%%%%
%%% other %%%
%%%%%%%%%%%%%
@techreport{Bachas:2646593,
      author        = "Bachas, Dinos and Buzatu, Adrian and Carlino, Gianpaolo
                       and Chiodini, Gabriele and Conventi, Francesco and El
                       Ghazali, Yassine and Giannini, Antonio and Guo, Yicheng and
                       Hays, Jonathan Michael and Lack, David Philip John and
                       Lavorgna, Marco and Les, Robert and Li, Tong and Ma,
                       LianLiang and Ma, Yanhui and Masubuchi, Tatsuya and
                       Myagkov, Alexey and Nobe, Takuya and Oh, Alexander and
                       Qian, Jianming and Rossi, Elvira and Ryzhov, Andrey and
                       Sekula, Stephen Jacob and Shaw, Savanna Marie and Da Cunha
                       Sargedas De Sousa, Mario Jose and Spagnolo, Stefania and
                       Terashi, Koji and Woods, Natasha Lee and Xu, Lailin and Xu,
                       Zhongyukun and Yamatani, Masahiro and Zhao, Zhengguo and
                       Zhou, Bing and Lin, Chiao-ying and Corpe, Louie Dartmoor
                       and Ishino, Masaya and Hance, Michael and Auricchio, Silvia
                       and Siral, Ismet and Zhu, Junjie and Pascuzzi, Vincent and
                       Li, Haifeng and Cavaliere, Viviana",
      title         = "{Search for heavy $WW/WZ/ZZ$ resonances in semi-leptonic
                       final states in $pp$ collisions at $\sqrt{s}=13$ TeV with
                       the ATLAS detector}",
      institution   = "CERN",
      address       = "Geneva",
      reportNumber  = "ATL-COM-PHYS-2018-1549",
      month         = "Oct",
      year          = "2018",
      url           = "https://cds.cern.ch/record/2646593",
}

@techreport{Ryzhov:2310214,
      author        = "Ryzhov, Andrey and Myagkov, Alexey and Lin, Chiao-ying and
                       Tsybychev, Dmitri and Pascuzzi, Vincent and Les, Robert and
                       Han, Yi Fei and Cavaliere, Viviana and Xu, Lailin and Zhu,
                       Heling and Nitta, Tatsumi and Yorita, Kohei and Terashi,
                       Koji and Nobe, Takuya and Guo, Yicheng and Zhou, Bing and
                       Zhao, Zhengguo and Wang, Chenliang and Kondrashova,
                       Nataliia and Guo, Jun and Yang, Haijun and Pleier,
                       Marc-Andre and Zeng, Jian Cong and Neubauer, Mark and
                       Giannini, Antonio and Lavorgna, Marco and Conventi,
                       Francesco and Rossi, Elvira and Mittal, Monika and Buzatu,
                       Adrian and Hays, Jonathan Michael and Sekula, Stephen
                       Jacob",
      title         = "{Study of electroweak $WW/WZ/ZZ$ production in the
                       semileptonic final states in association with a high-mass
                       dijet system and limits on anomalous quartic gauge
                       couplings with 13 TeV ATLAS data}",
      institution   = "CERN",
      address       = "Geneva",
      reportNumber  = "ATL-COM-PHYS-2018-270",
      month         = "Mar",
      year          = "2018",
      url           = "https://cds.cern.ch/record/2310214",
}

%%%%%%%%%%%%%%%%%%%%%
%%% uncertainties %%%
%%%%%%%%%%%%%%%%%%%%%
@misc{AtlasLumiRun2,
      author         = "{ATLAS Collaboration}",
      howpublished="TWiki",
      url="https://twiki.cern.ch/twiki/bin/viewauth/Atlas/LuminosityForPhysics"
}

@misc{ExtendedPileupReweighting,
 howpublished="",
 url="https://twiki.cern.ch/twiki/bin/viewauth/AtlasProtected/ExtendedPileupReweighting"
}

@misc{AsgElectronEfficiencyCorrectionTool,
 howpublished="",
 url="https://twiki.cern.ch/twiki/bin/view/AtlasProtected/ElectronEfficiencyRun2"
}

@misc{TrigMuonEfficiency,
   howpublished="",
   url="https://twiki.cern.ch/twiki/bin/view/AtlasProtected/MCPAnalysisWinterMC16#Muon_trigger_efficiency_scale_fa"
}

@Article{Masubuchi:2150252,
      title         = "{Search for a Standard Model Higgs boson produced in
                       association with a vector boson and decaying to a pair of
                       b-quarks}",
      collaboration = "ATLAS",
      journal        = "ATL-COM-PHYS-2016-429",
      year          = "2016",
      url           = "https://cds.cern.ch/record/2150252",
}

@Article{Masubuchi:2151844,
      title         = "{Object selections for analyses involving a Higgs boson
                       produced in association with a vector boson in which
                       $h\rightarrow b\bar{b}$ and $V$ decays leptonically with
                       Run-2 data collected with the ATLAS detector at $\sqrt{s} =
                       13$ TeV}",
      collaboration = "ATLAS",
      journal        = "ATL-COM-PHYS-2016-480",
      year          = "2016",
      url           = "https://cds.cern.ch/record/2151844",
}

@misc{EgammaCalibration,
   howpublished="",
   url="https://twiki.cern.ch/twiki/bin/view/AtlasProtected/EGammaCalibrationRun2"
}

@misc{AsgElectronEfficiencyCorrectionTool,
 howpublished="",
 url="https://twiki.cern.ch/twiki/bin/view/AtlasProtected/ElectronEfficiencyRun2"
}

@misc{MCPAnalysisGuidelines,
 howpublished="",
 url="https://twiki.cern.ch/twiki/bin/view/AtlasProtected/MCPAnalysisWinterMC16"
}

@misc{METUtilSystematics,
   howpublished="",
   url="https://twiki.cern.ch/twiki/bin/view/AtlasProtected/EtmissRecommendationsRel21p2"
}

@misc{JetUncertainties,
   howpublished="",
   url="https://twiki.cern.ch/twiki/bin/view/AtlasProtected/JetUncertaintiesRel21Summer2018SmallR"
}

@misc{JVTCalib,
   howpublished="",
   url="https://twiki.cern.ch/twiki/bin/view/AtlasProtected/PileupJetRecommendations"
}

@misc{JSSrecommendation,
        howpulished="",
        url="https://twiki.cern.ch/twiki/bin/view/AtlasProtected/JetUncertaintiesRel21Moriond2018LargeR"
}

@misc{BTagCalib,
  howpublished="",
  url="https://twiki.cern.ch/twiki/bin/view/AtlasProtected/BTagCalib2017"
}

@misc{BTagCalibInterface,
  howpublished="",
  url="https://twiki.cern.ch/twiki/bin/view/AtlasProtected/BTaggingCalibrationDataInterface"
}

@article{eboli2006p,
  title={p p $\to$ j j e$\pm$$\mu$$\pm$$\nu$ $\nu$ and j j e$\pm$$\mu\pm$ $\nu$ $\nu$ at O ($\alpha$ em 6) and O ($\alpha$ em 4 $\alpha$ s 2) for the study of the quartic electroweak gauge boson vertex at CERN LHC},
  author={{\'E}boli, Oscar JP and Gonzalez-Garcia, MC and Mizukoshi, JK},
  journal={Physical Review D},
  volume={74},
  number={7},
  pages={073005},
  year={2006},
  publisher={APS}
}

@article{degrande2013effective,
  title={Effective field theory: a modern approach to anomalous couplings},
  author={Degrande, Celine and Greiner, Nicolas and Kilian, Wolfgang and Mattelaer, Olivier and Mebane, Harrison and Stelzer, Tim and Willenbrock, Scott and Zhang, Cen},
  journal={Annals of Physics},
  volume={335},
  pages={21--32},
  year={2013},
  publisher={Elsevier}
}
